<?xml version="1.0" encoding="UTF-8"?><collection xmlns="http://www.loc.gov/MARC21/slim"><record><leader>00448nam--2200133-i-4500</leader><controlfield tag="001">000020464</controlfield><controlfield tag="002">20161230</controlfield><controlfield tag="005">20161230201033</controlfield><controlfield tag="008">060222s1000------------r-----000-0-eng-d</controlfield><datafield ind1=" " ind2=" " tag="080"><subfield code="a">543(043)</subfield></datafield><datafield ind1=" " ind2=" " tag="100"><subfield code="a">Dufourcq, Jean</subfield></datafield><datafield ind1=" " ind2=" " tag="245"><subfield code="a">Dynamique des groupes methyles de composes0 ammoniums quaternaires a l etat solide. conformations en solution aqueuse et activite des dimethoniums.these</subfield></datafield><datafield ind1=" " ind2=" " tag="260"><subfield code="a">Bordeaux, L Universite, 1971. 172 P</subfield></datafield><datafield ind1=" " ind2=" " tag="852"><subfield code="a">77135</subfield></datafield></record></collection>